
@article{melon1,
    author   = "Melon, Manuel and  Langrenne, Christophe and Herzog, Philippe and Garcia, Alexandre ",
    title     = "Evaluation of a method for the measurement of subwoofers in usual rooms",
    journal   = "Journal of the Acoustic Society of America",
    year      = "2010",
}

@article{melon2,
    author    = "Melon, Manuel and  Langrenne, Christophe and Rousseau, David",
    title     = "Comparison of four Subwoofer Measurement Techniques",
    journal   = "Journal of the Audio Engineering Society",
    year      = "2007",
}

@article{LIS,
    author    = "Bellmann, Christian",
    title     = "The Infinite Baffle",
    journal   = "Loudspeaker Industry Sourcebook",
    year      = "2017",
}

@BOOK{Fourier,
	AUTHOR="Williams, Earl G.",
	TITLE="Fourier Acoustics: Sound radiation and Nearfield Acoustical Holography",
	PUBLISHER="Academic Press",
	YEAR="1999",
}

@article{aeswb,
    author    = "Bellmann, Christian and Klippel, Wolfgang",
    title     = "Fast Loudspeaker Measurement in Non-Anechoic Environment",
    journal   = "Journal of the Audio Engineering Society",
    year      = "2017",
}

@misc{pres,
	author = "Klippel, Wolfgang and Bellmann, Christian",
	title  = "The infinite baffle: loudspeaker measurement in half space by holographic near field scanning",
	howpublished = "Lecture given in 2015, PDF",
}

@misc{train8,
	author = "Klippel, Wolfgang and Bellmann, Christian and others",
	title  = "Measurement of loudspeaker directivity",
	howpublished = "Klippel training 8",
}

@misc{tetbox,
	author = "Hill, Geoff",
	title  = "Tetrahedral Test System",
	howpublished = "website \url{http://www.geoff-hill.com/tetrahedral.html}",
}

@article{aeshs,
    author    = "Klippel, Wolfgang and Bellmann, Christian",
    title     = "Holographic Nearfield Measurement of Loudspeaker Directivity",
    journal   = "Journal of the Audio Engineering Society",
    year      = "2016",
}


@misc{aesstandart,
	title  = "Loudspeaker driver comparison chambers",
	howpublished = "AES Standard Draft X223",
}

@misc{lect2018,
	author = "Klippel, Wolfgang",
	title  = "Sound Radiation and Measurement",
	howpublished = "Klippel 2018 lecture: Sound Quality of Audio Systems",
}

@article{dkeele,
    author    = "Keele JR., D. B.",
    title     = "Low Frequency Loudspeaker Assessment by Nearfield Sound-Pressure Measurement",
    journal   = "Journal of the Audio Engineering Society",
    year      = "1973",
}

@misc{lennart1990beta,
  title={Beta Mathematics Handbook},
  author={Lennart, R{\aa}de and Westergren, Bertil},
  year={1990},
  publisher={CRC Press}
}

